<?xml version="1.0" encoding="UTF-8" ?>
<collection xmlns:xsi="http://www.w3.org/2001/XMLSchema-instance"
    xsi:schemaLocation="http://www.loc.gov/MARC21/slim
        http://www.loc.gov/standards/marcxml/schema/MARC21slim.xsd"
    xmlns="http://www.loc.gov/MARC21/slim">
<record>
  <leader>00297cam a2200589 i 4500</leader>
  <controlfield tag="001">b18263124</controlfield>
  <controlfield tag="003">LeBAU</controlfield>
  <controlfield tag="005">20200217</controlfield>
  <controlfield tag="008">140613s1955    mr            ||0 m ara d</controlfield>
  <datafield tag="040" ind1=" " ind2=" ">
    <subfield code="a">LEAUB</subfield>
    <subfield code="b">ara</subfield>
    <subfield code="e">rda</subfield>
    <subfield code="c">LEAUB</subfield>
  </datafield>
  <datafield tag="041" ind1="0" ind2=" ">
    <subfield code="a">ara</subfield>
    <subfield code="a">spa</subfield>
  </datafield>
  <datafield tag="082" ind1="0" ind2="4">
    <subfield code="a">808.8</subfield>
    <subfield code="2">23</subfield>
  </datafield>
  <datafield tag="110" ind1="1" ind2=" ">
    <subfield code="6">880-01</subfield>
    <subfield code="a">Morocco (Spanish zone).</subfield>
    <subfield code="b">Delegación de Educación y Cultura.</subfield>
    <subfield code="e">issuing body.</subfield>
    <subfield code="0">http://id.loc.gov/authorities/names/n82063774 ,</subfield>
  </datafield>
  <datafield tag="245" ind1="1" ind2="0">
    <subfield code="6">880-02</subfield>
    <subfield code="a">Jāʼizat al-Maghrib lil-ādāb sanat 1955 ;</subfield>
    <subfield code="b">Jāʼizat Marwīkūs lil-Ādāb sanat 1955 /</subfield>
    <subfield code="c">al-Iqāmah al-ʻĀmmah al-Isbānīyah bi-al-Maghrib, Niyābat al-Tarbiyah wa-al-Thaqāfah = Premios Marruecos de literatura, 1955 ; Premios al-Maghrib de literatura, 1955 / Alta Comisaría de España en Marruecos, Delegación de Educación y Cultura.</subfield>
  </datafield>
  <datafield tag="246" ind1="3" ind2="0">
    <subfield code="6">880-03</subfield>
    <subfield code="a">Jāʼizat Marwīkūs lil-Ādāb sanat 1955</subfield>
  </datafield>
  <datafield tag="246" ind1="1" ind2=" ">
    <subfield code="6">880-04</subfield>
    <subfield code="i">Premenilaries:</subfield>
    <subfield code="a">Jawāʼiz al-Maghrib wa-Marwīkūs lil-Ādāb sanat 1955/1374</subfield>
  </datafield>
  <datafield tag="246" ind1="1" ind2=" ">
    <subfield code="i">Premenilaries of added title page:</subfield>
    <subfield code="a">Premios Marruecos y al-Magrib de Literatura, 1955</subfield>
  </datafield>
  <datafield tag="246" ind1="3" ind2="1">
    <subfield code="a">Premios Marruecos de literatura, 1955 ;</subfield>
    <subfield code="b">Premios al-Maghrib de literatura, 1955</subfield>
  </datafield>
  <datafield tag="246" ind1="3" ind2="0">
    <subfield code="a">Premios Al-Maghrib de literatura, 1955</subfield>
  </datafield>
  <datafield tag="264" ind1=" " ind2="1">
    <subfield code="6">880-05</subfield>
    <subfield code="a">Tiṭwān :</subfield>
    <subfield code="b">Maʻhad Mawlāya al-Ḥasan,</subfield>
    <subfield code="c">1955.</subfield>
  </datafield>
  <datafield tag="300" ind1=" " ind2=" ">
    <subfield code="6">880-06</subfield>
    <subfield code="a">77, 27 pages ;</subfield>
    <subfield code="c">24 cm</subfield>
  </datafield>
  <datafield tag="336" ind1=" " ind2=" ">
    <subfield code="a">text</subfield>
    <subfield code="b">txt</subfield>
    <subfield code="2">rdacontent</subfield>
  </datafield>
  <datafield tag="337" ind1=" " ind2=" ">
    <subfield code="a">unmediated</subfield>
    <subfield code="b">n</subfield>
    <subfield code="2">rdamedia</subfield>
  </datafield>
  <datafield tag="338" ind1=" " ind2=" ">
    <subfield code="a">volume</subfield>
    <subfield code="b">nc</subfield>
    <subfield code="2">rdacarrier</subfield>
  </datafield>
  <datafield tag="505" ind1="0" ind2=" ">
    <subfield code="t">جائزة المغرب للآداب سنة 1955:</subfield>
    <subfield code="t">فتيان القرية /</subfield>
    <subfield code="r">شعر للسيد محمد الطنجاوي --</subfield>
    <subfield code="t">رواد المجهول /</subfield>
    <subfield code="r">قصة للسيد أحمد البقالي --</subfield>
    <subfield code="t">جائزة مرويكوس للآداب سنة 1955:</subfield>
    <subfield code="t">أنشودة غابة باب شيكار /</subfield>
    <subfield code="r">شعر لمكيل فرناندث --</subfield>
    <subfield code="t">الغلة الأولى /</subfield>
    <subfield code="r">قصة لمكيل فرناندث.</subfield>
  </datafield>
  <datafield tag="546" ind1=" " ind2=" ">
    <subfield code="a">النص بالعربية والاسبانية.</subfield>
  </datafield>
  <datafield tag="655" ind1=" " ind2="4">
    <subfield code="a">قصص.</subfield>
  </datafield>
  <datafield tag="655" ind1=" " ind2="4">
    <subfield code="a">شعر.</subfield>
  </datafield>
  <datafield tag="655" ind1=" " ind2="0">
    <subfield code="a">Fiction.</subfield>
  </datafield>
  <datafield tag="655" ind1=" " ind2="0">
    <subfield code="a">Poetry.</subfield>
  </datafield>
  <datafield tag="700" ind1="1" ind2="2">
    <subfield code="6">880-07</subfield>
    <subfield code="a">Ṭanjāwī, Muḥammad.</subfield>
    <subfield code="t">Fityān al-qaryah.</subfield>
  </datafield>
  <datafield tag="700" ind1="1" ind2="2">
    <subfield code="6">880-08</subfield>
    <subfield code="a">Baqqālī, Aḥmad ʻAbd al-Salām.</subfield>
    <subfield code="t">Ruwwād al-majhūl.</subfield>
  </datafield>
  <datafield tag="700" ind1="1" ind2="2">
    <subfield code="6">880-09</subfield>
    <subfield code="a">Fernández, Miguel.</subfield>
    <subfield code="t">Unshūdat Ghābat Bāb Shīkār.</subfield>
  </datafield>
  <datafield tag="700" ind1="1" ind2="2">
    <subfield code="6">880-10</subfield>
    <subfield code="a">Fernández, Miguel.</subfield>
    <subfield code="t">Ghillah al-ūlá.</subfield>
  </datafield>
  <datafield tag="700" ind1="1" ind2="2">
    <subfield code="a">Fernández, Miguel.</subfield>
    <subfield code="t">Himno para el bosque de Bab-Chicar.</subfield>
  </datafield>
  <datafield tag="700" ind1="1" ind2="2">
    <subfield code="a">Fernández, Miguel.</subfield>
    <subfield code="t">Primera cosecha.</subfield>
  </datafield>
  <datafield tag="852" ind1=" " ind2=" ">
    <subfield code="a">Jafet Library</subfield>
    <subfield code="e">American University of Beirut, Bliss Street , Beirut, Lebanon.</subfield>
  </datafield>
  <datafield tag="880" ind1="1" ind2=" ">
    <subfield code="6">110-01/(3/r</subfield>
    <subfield code="a">المغرب (المنطقة الاسبانية).</subfield>
    <subfield code="b">نيابة التربية والثقافة،</subfield>
    <subfield code="0">http://id.loc.gov/authorities/names/n82063774 ,</subfield>
    <subfield code="e">هيئة إصدار. </subfield>
    <subfield code="4">isb.</subfield>
  </datafield>
  <datafield tag="880" ind1="1" ind2="0">
    <subfield code="6">245-02/(3/r</subfield>
    <subfield code="a">جائزة المغرب للآداب سنة 1955 ؛</subfield>
    <subfield code="b">جائزة مرويكوس للآداب سنة 1955 /</subfield>
    <subfield code="c">الإقامة العامة الاسبانية بالمغرب، نيابة التربية والثقافة = Premios Marruecos de literatura, 1955 ; Premios al-Maghrib de literatura, 1955 / Alta Comisaría de España en Marruecos, Delegación de Educación y Cultura.</subfield>
  </datafield>
  <datafield tag="880" ind1="3" ind2="0">
    <subfield code="6">246-03/(3/r</subfield>
    <subfield code="a">جائزة مرويكوس للآداب سنة 1955</subfield>
  </datafield>
  <datafield tag="880" ind1="1" ind2=" ">
    <subfield code="6">246-04/(3/r</subfield>
    <subfield code="i">العنوان على الصفحة التي تسبق صفحة العنوان:</subfield>
    <subfield code="a">جوائز المغرب ومرويكوس للآداب سنة 1955/1374</subfield>
  </datafield>
  <datafield tag="880" ind1=" " ind2="1">
    <subfield code="6">264-05/(3/r</subfield>
    <subfield code="a">تطوان :</subfield>
    <subfield code="b">معهد مولاي الحسن،</subfield>
    <subfield code="c">1955.</subfield>
  </datafield>
  <datafield tag="880" ind1=" " ind2=" ">
    <subfield code="6">300-06/(3/r</subfield>
    <subfield code="a">77، 27 صفحة ؛</subfield>
    <subfield code="c">24 سم</subfield>
  </datafield>
  <datafield tag="880" ind1="1" ind2="2">
    <subfield code="6">700-07/(3/r</subfield>
    <subfield code="a">الطنجاوي، محمد.</subfield>
    <subfield code="t">فتيان القرية.</subfield>
  </datafield>
  <datafield tag="880" ind1="1" ind2="2">
    <subfield code="6">700-08/(3/r</subfield>
    <subfield code="a">البقالي، أحمد عبد السلام.</subfield>
    <subfield code="t">رواد المجهول.</subfield>
  </datafield>
  <datafield tag="880" ind1="1" ind2="2">
    <subfield code="6">700-09/(3/r</subfield>
    <subfield code="a">فرناندث، مكيل.</subfield>
    <subfield code="t">أنشودة غابة باب شيكار.</subfield>
  </datafield>
  <datafield tag="880" ind1="1" ind2="2">
    <subfield code="6">700-10/(3/r</subfield>
    <subfield code="a">فرناندث، مكيل.</subfield>
    <subfield code="t">الغلة الأولى.</subfield>
  </datafield>
  <datafield tag="907" ind1=" " ind2=" ">
    <subfield code="a">.b18263124</subfield>
    <subfield code="b">20-03-16</subfield>
    <subfield code="c">14-06-13</subfield>
  </datafield>
  <datafield tag="907" ind1=" " ind2=" ">
    <subfield code="a">.b18263124</subfield>
    <subfield code="b">15-10-30</subfield>
    <subfield code="c">14-06-13</subfield>
  </datafield>
  <datafield tag="945" ind1=" " ind2=" ">
    <subfield code="f">J</subfield>
    <subfield code="a">808.8:M867jA</subfield>
    <subfield code="i">01028414</subfield>
    <subfield code="j">.i13008146</subfield>
    <subfield code="l">u0503</subfield>
  </datafield>
  <datafield tag="945" ind1=" " ind2=" ">
    <subfield code="f">J</subfield>
    <subfield code="a">808.8:J41jA:1955:c.2</subfield>
    <subfield code="j">.i13037110</subfield>
    <subfield code="l">u0503</subfield>
  </datafield>
  <datafield tag="998" ind1=" " ind2=" ">
    <subfield code="a">u05</subfield>
    <subfield code="b">14-06-13</subfield>
    <subfield code="c">m</subfield>
    <subfield code="d">a  </subfield>
    <subfield code="e">-</subfield>
    <subfield code="f">ara</subfield>
    <subfield code="g">mr </subfield>
    <subfield code="h">0</subfield>
    <subfield code="i">0</subfield>
  </datafield>
</record>
</collection>
